@Manual{R-base,
  title = {R: A Language and Environment for Statistical Computing},
  author = {{R Core Team}},
  organization = {R Foundation for Statistical Computing},
  address = {Vienna, Austria},
  year = {2025},
  url = {https://www.R-project.org/},
}

@Manual{R-bookdown,
  title = {bookdown: Authoring Books and Technical Documents with R Markdown},
  author = {Yihui Xie},
  year = {2025},
  note = {R package version 0.44},
  url = {https://github.com/rstudio/bookdown},
}

@Manual{R-broom,
  title = {broom: Convert Statistical Objects into Tidy Tibbles},
  author = {David Robinson and Alex Hayes and Simon Couch},
  year = {2025},
  note = {R package version 1.0.10},
  url = {https://broom.tidymodels.org/},
}

@Manual{R-car,
  title = {car: Companion to Applied Regression},
  author = {John Fox and Sanford Weisberg and Brad Price},
  year = {2024},
  note = {R package version 3.1-3},
  url = {https://r-forge.r-project.org/projects/car/},
}

@Manual{R-carData,
  title = {carData: Companion to Applied Regression Data Sets},
  author = {John Fox and Sanford Weisberg and Brad Price},
  year = {2022},
  note = {R package version 3.0-5},
  url = {https://r-forge.r-project.org/projects/car/},
}

@Manual{R-ClusterR,
  title = {ClusterR: Gaussian Mixture Models, K-Means, Mini-Batch-Kmeans, K-Medoids
and Affinity Propagation Clustering},
  author = {Lampros Mouselimis},
  year = {2024},
  note = {R package version 1.3.3},
  url = {https://github.com/mlampros/ClusterR},
}

@Manual{R-DescTools,
  title = {DescTools: Tools for Descriptive Statistics},
  author = {Andri Signorell},
  year = {2025},
  note = {R package version 0.99.60},
  url = {https://andrisignorell.github.io/DescTools/},
}

@Manual{R-dplyr,
  title = {dplyr: A Grammar of Data Manipulation},
  author = {Hadley Wickham and Romain François and Lionel Henry and Kirill Müller and Davis Vaughan},
  year = {2023},
  note = {R package version 1.1.4},
  url = {https://dplyr.tidyverse.org},
}

@Manual{R-emmeans,
  title = {emmeans: Estimated Marginal Means, aka Least-Squares Means},
  author = {Russell V. Lenth},
  year = {2025},
  note = {R package version 1.11.2-8},
  url = {https://rvlenth.github.io/emmeans/},
}

@Manual{R-factoextra,
  title = {factoextra: Extract and Visualize the Results of Multivariate Data Analyses},
  author = {Alboukadel Kassambara and Fabian Mundt},
  year = {2020},
  note = {R package version 1.0.7},
  url = {http://www.sthda.com/english/rpkgs/factoextra},
}

@Manual{R-FactoMineR,
  title = {FactoMineR: Multivariate Exploratory Data Analysis and Data Mining},
  author = {Francois Husson and Julie Josse and Sebastien Le and Jeremy Mazet},
  year = {2025},
  note = {R package version 2.12},
  url = {http://factominer.free.fr},
}

@Manual{R-GGally,
  title = {GGally: Extension to ggplot2},
  author = {Barret Schloerke and Di Cook and Joseph Larmarange and Francois Briatte and Moritz Marbach and Edwin Thoen and Amos Elberg and Jason Crowley},
  year = {2025},
  note = {R package version 2.4.0},
  url = {https://ggobi.github.io/ggally/},
}

@Manual{R-ggExtra,
  title = {ggExtra: Add Marginal Histograms to ggplot2, and More ggplot2
Enhancements},
  author = {Dean Attali and Christopher Baker},
  year = {2025},
  note = {R package version 0.11.0},
  url = {https://github.com/daattali/ggExtra},
}

@Manual{R-ggplot2,
  title = {ggplot2: Create Elegant Data Visualisations Using the Grammar of Graphics},
  author = {Hadley Wickham and Winston Chang and Lionel Henry and Thomas Lin Pedersen and Kohske Takahashi and Claus Wilke and Kara Woo and Hiroaki Yutani and Dewey Dunnington and Teun {van den Brand}},
  year = {2025},
  note = {R package version 4.0.0},
  url = {https://ggplot2.tidyverse.org},
}

@Manual{R-ggrepel,
  title = {ggrepel: Automatically Position Non-Overlapping Text Labels with
ggplot2},
  author = {Kamil Slowikowski},
  year = {2024},
  note = {R package version 0.9.6},
  url = {https://ggrepel.slowkow.com/},
}

@Manual{R-gridExtra,
  title = {gridExtra: Miscellaneous Functions for "Grid" Graphics},
  author = {Baptiste Auguie},
  year = {2017},
  note = {R package version 2.3},
  url = {https://CRAN.R-project.org/package=gridExtra},
  doi = {10.32614/CRAN.package.gridExtra},
}

@Manual{R-gt,
  title = {gt: Easily Create Presentation-Ready Display Tables},
  author = {Richard Iannone and Joe Cheng and Barret Schloerke and Ellis Hughes and Alexandra Lauer and JooYoung Seo and Ken Brevoort and Olivier Roy},
  year = {2025},
  note = {R package version 1.0.0},
  url = {https://gt.rstudio.com},
}

@Manual{R-gtExtras,
  title = {gtExtras: Extending gt for Beautiful HTML Tables},
  author = {Thomas Mock},
  year = {2025},
  note = {R package version 0.6.0},
  url = {https://github.com/jthomasmock/gtExtras},
}

@Manual{R-kableExtra,
  title = {kableExtra: Construct Complex Table with kable and Pipe Syntax},
  author = {Hao Zhu},
  year = {2024},
  note = {R package version 1.4.0},
  url = {http://haozhu233.github.io/kableExtra/},
}

@Manual{R-knitr,
  title = {knitr: A General-Purpose Package for Dynamic Report Generation in R},
  author = {Yihui Xie},
  year = {2025},
  note = {R package version 1.50},
  url = {https://yihui.org/knitr/},
}

@Manual{R-lmtest,
  title = {lmtest: Testing Linear Regression Models},
  author = {Torsten Hothorn and Achim Zeileis and Richard W. Farebrother and Clint Cummins},
  year = {2022},
  note = {R package version 0.9-40},
  url = {https://CRAN.R-project.org/package=lmtest},
  doi = {10.32614/CRAN.package.lmtest},
}

@Manual{R-moments,
  title = {moments: Moments, Cumulants, Skewness, Kurtosis and Related Tests},
  author = {Lukasz Komsta and Frederick Novomestky},
  year = {2022},
  note = {R package version 0.14.1},
  url = {https://www.r-project.org},
}

@Manual{R-NbClust,
  title = {NbClust: Determining the Best Number of Clusters in a Data Set},
  author = {Malika Charrad and Nadia Ghazzali and Veronique Boiteau and Azam Niknafs},
  year = {2022},
  note = {R package version 3.0.1},
  url = {https://sites.google.com/site/malikacharrad/research/nbclust-package},
}

@Manual{R-patchwork,
  title = {patchwork: The Composer of Plots},
  author = {Thomas Lin Pedersen},
  year = {2025},
  note = {R package version 1.3.2},
  url = {https://patchwork.data-imaginist.com},
}

@Manual{R-pgirmess,
  title = {pgirmess: Spatial Analysis and Data Mining for Field Ecologists},
  author = {Patrick Giraudoux},
  year = {2024},
  note = {R package version 2.0.3},
  url = {https://github.com/pgiraudoux/pgirmess},
}

@Manual{R-readxl,
  title = {readxl: Read Excel Files},
  author = {Hadley Wickham and Jennifer Bryan},
  year = {2025},
  note = {R package version 1.4.5},
  url = {https://readxl.tidyverse.org},
}

@Manual{R-rmarkdown,
  title = {rmarkdown: Dynamic Documents for R},
  author = {JJ Allaire and Yihui Xie and Christophe Dervieux and Jonathan McPherson and Javier Luraschi and Kevin Ushey and Aron Atkins and Hadley Wickham and Joe Cheng and Winston Chang and Richard Iannone},
  year = {2024},
  note = {R package version 2.29},
  url = {https://github.com/rstudio/rmarkdown},
}

@Manual{R-tibble,
  title = {tibble: Simple Data Frames},
  author = {Kirill Müller and Hadley Wickham},
  year = {2025},
  note = {R package version 3.3.0},
  url = {https://tibble.tidyverse.org/},
}

@Manual{R-vcd,
  title = {vcd: Visualizing Categorical Data},
  author = {David Meyer and Achim Zeileis and Kurt Hornik and Michael Friendly},
  year = {2024},
  note = {R package version 1.4-13},
  url = {https://CRAN.R-project.org/package=vcd},
  doi = {10.32614/CRAN.package.vcd},
}

@Manual{R-visdat,
  title = {visdat: Preliminary Visualisation of Data},
  author = {Nicholas Tierney},
  year = {2023},
  note = {R package version 0.6.0},
  url = {https://docs.ropensci.org/visdat/},
}

@Manual{R-writexl,
  title = {writexl: Export Data Frames to Excel xlsx Format},
  author = {Jeroen Ooms},
  year = {2025},
  note = {R package version 1.5.4},
  url = {https://ropensci.r-universe.dev/writexl},
}

@Manual{R-zoo,
  title = {zoo: S3 Infrastructure for Regular and Irregular Time Series (Z's
Ordered Observations)},
  author = {Achim Zeileis and Gabor Grothendieck and Jeffrey A. Ryan},
  year = {2025},
  note = {R package version 1.8-14},
  url = {https://zoo.R-Forge.R-project.org/},
}

@Book{bookdown2016,
  title = {bookdown: Authoring Books and Technical Documents with {R} Markdown},
  author = {Yihui Xie},
  publisher = {Chapman and Hall/CRC},
  address = {Boca Raton, Florida},
  year = {2016},
  isbn = {978-1138700109},
  url = {https://bookdown.org/yihui/bookdown},
}

@Book{car2019,
  title = {An {R} Companion to Applied Regression},
  edition = {Third},
  author = {John Fox and Sanford Weisberg},
  year = {2019},
  publisher = {Sage},
  address = {Thousand Oaks {CA}},
  url = {https://www.john-fox.ca/Companion/},
}

@Article{ClusterR2016,
  title = {Armadillo: a template-based C++ library for linear algebra},
  author = {Conrad Sanderson and Ryan Curtin},
  journal = {Journal of Open Source Software},
  year = {2016},
  volume = {1},
  pages = {26},
  doi = {10.21105/joss.00026},
}

@Article{ClusterR2018,
  title = {A User-Friendly Hybrid Sparse Matrix Class in C++},
  author = {Conrad Sanderson and Ryan Curtin},
  journal = {Lecture Notes in Computer Science (LNCS)},
  year = {2018},
  volume = {10931},
  pages = {422--430},
  doi = {10.1007/978-3-319-96418-8_50},
}

@Manual{ClusterR2013,
  title = {Mini-Batch-K-Means},
  author = {Siddharth Agrawal},
  year = {2013},
  url = {https://github.com/siddharth-agrawal/Mini-Batch-K-Means},
}

@Article{ClusterR2010,
  title = {Web-scale k-means clustering},
  author = {D. Sculley},
  journal = {ACM Digital Library},
  year = {2010},
  doi = {10.1145/1772690.1772862},
}

@PhdThesis{ClusterR2009,
  title = {Affinity Propagation: Clustering Data by Passing Messages},
  author = {Delbert Dueck},
  year = {2009},
  school = {University of Toronto},
  url = {https://hdl.handle.net/1807/17755},
}

@Article{ClusterR2007,
  title = {Clustering by Passing Messages Between Data Points},
  author = {Brendan Frey and Delbert Dueck},
  journal = {Science},
  year = {2007},
  volume = {315},
  pages = {972--976},
  doi = {10.1126/science.1136800},
}

@Article{ClusterR1997,
  title = {Clustering in an Object-Oriented Environment},
  author = {Anja Struyf and Mia Hubert and Peter Rousseeuw},
  journal = {Journal of Statistical Software},
  year = {1997},
  doi = {10.18637/jss.v001.i04},
}

@Article{ClusterR2004,
  title = {Selection of K in K-means clustering},
  author = {D Pham and S Dimov and C Nguyen},
  journal = {Proceedings of the Institution of Mechanical Engineers, Part C: Journal of Mechanical Engineering Science},
  year = {2004},
  url = {https://www.ee.columbia.edu/~dpwe/papers/PhamDN05-kmeans.pdf},
  doi = {10.1243/095440605X8298},
}

@Article{FactoMineR2008,
  title = {{FactoMineR}: A Package for Multivariate Analysis},
  author = {S\'ebastien L\^e and Julie Josse and Fran\c{c}ois Husson},
  journal = {Journal of Statistical Software},
  year = {2008},
  volume = {25},
  number = {1},
  pages = {1--18},
  doi = {10.18637/jss.v025.i01},
}

@Book{ggplot22016,
  author = {Hadley Wickham},
  title = {ggplot2: Elegant Graphics for Data Analysis},
  publisher = {Springer-Verlag New York},
  year = {2016},
  isbn = {978-3-319-24277-4},
  url = {https://ggplot2.tidyverse.org},
}

@Book{knitr2015,
  title = {Dynamic Documents with {R} and knitr},
  author = {Yihui Xie},
  publisher = {Chapman and Hall/CRC},
  address = {Boca Raton, Florida},
  year = {2015},
  edition = {2nd},
  note = {ISBN 978-1498716963},
  url = {https://yihui.org/knitr/},
}

@InCollection{knitr2014,
  booktitle = {Implementing Reproducible Computational Research},
  editor = {Victoria Stodden and Friedrich Leisch and Roger D. Peng},
  title = {knitr: A Comprehensive Tool for Reproducible Research in {R}},
  author = {Yihui Xie},
  publisher = {Chapman and Hall/CRC},
  year = {2014},
  note = {ISBN 978-1466561595},
}

@Article{lmtest2002,
  title = {Diagnostic Checking in Regression Relationships},
  author = {Achim Zeileis and Torsten Hothorn},
  journal = {R News},
  year = {2002},
  volume = {2},
  number = {3},
  pages = {7--10},
  url = {https://CRAN.R-project.org/doc/Rnews/},
}

@Article{NbClust2014,
  title = {{NbClust}: An {R} Package for Determining the Relevant Number of Clusters in a Data Set},
  author = {Malika Charrad and Nadia Ghazzali and V{\'e}ronique Boiteau and Azam Niknafs},
  journal = {Journal of Statistical Software},
  year = {2014},
  volume = {61},
  number = {6},
  pages = {1--36},
  url = {https://www.jstatsoft.org/v61/i06/},
}

@Book{rmarkdown2018,
  title = {R Markdown: The Definitive Guide},
  author = {Yihui Xie and J.J. Allaire and Garrett Grolemund},
  publisher = {Chapman and Hall/CRC},
  address = {Boca Raton, Florida},
  year = {2018},
  isbn = {9781138359338},
  url = {https://bookdown.org/yihui/rmarkdown},
}

@Book{rmarkdown2020,
  title = {R Markdown Cookbook},
  author = {Yihui Xie and Christophe Dervieux and Emily Riederer},
  publisher = {Chapman and Hall/CRC},
  address = {Boca Raton, Florida},
  year = {2020},
  isbn = {9780367563837},
  url = {https://bookdown.org/yihui/rmarkdown-cookbook},
}

@Article{vcd2006,
  title = {The Strucplot Framework: Visualizing Multi-Way Contingency Tables with vcd},
  author = {David Meyer and Achim Zeileis and Kurt Hornik},
  journal = {Journal of Statistical Software},
  year = {2006},
  volume = {17},
  number = {3},
  pages = {1--48},
  doi = {10.18637/jss.v017.i03},
}

@Article{vcd2007,
  title = {Residual-based Shadings for Visualizing (Conditional) Independence},
  author = {Achim Zeileis and David Meyer and Kurt Hornik},
  journal = {Journal of Computational and Graphical Statistics},
  year = {2007},
  volume = {16},
  number = {3},
  pages = {507--525},
  doi = {10.1198/106186007X237856},
}

@Article{visdat2017,
  title = {visdat: Visualising Whole Data Frames},
  author = {Nicholas Tierney},
  doi = {10.21105/joss.00355},
  url = {http://dx.doi.org/10.21105/joss.00355},
  year = {2017},
  publisher = {Journal of Open Source Software},
  volume = {2},
  number = {16},
  pages = {355},
  journal = {JOSS},
}

@Article{zoo2005,
  title = {zoo: S3 Infrastructure for Regular and Irregular Time Series},
  author = {Achim Zeileis and Gabor Grothendieck},
  journal = {Journal of Statistical Software},
  year = {2005},
  volume = {14},
  number = {6},
  pages = {1--27},
  doi = {10.18637/jss.v014.i06},
}

